@article{dqn,
  author       = {Volodymyr Mnih and
                  Koray Kavukcuoglu and
                  David Silver and
                  Alex Graves and
                  Ioannis Antonoglou and
                  Daan Wierstra and
                  Martin A. Riedmiller},
  title        = {Playing Atari with Deep Reinforcement Learning},
  journal      = {CoRR},
  volume       = {abs/1312.5602},
  year         = {2013},
  url          = {http://arxiv.org/abs/1312.5602},
  eprinttype    = {arXiv},
  eprint       = {1312.5602},
  timestamp    = {Mon, 13 Aug 2018 16:47:42 +0200},
  biburl       = {https://dblp.org/rec/journals/corr/MnihKSGAWR13.bib},
  bibsource    = {dblp computer science bibliography, https://dblp.org}
}

@article{rainbow,
  author       = {Matteo Hessel and
                  Joseph Modayil and
                  Hado van Hasselt and
                  Tom Schaul and
                  Georg Ostrovski and
                  Will Dabney and
                  Daniel Horgan and
                  Bilal Piot and
                  Mohammad Gheshlaghi Azar and
                  David Silver},
  title        = {Rainbow: Combining Improvements in Deep Reinforcement Learning},
  journal      = {CoRR},
  volume       = {abs/1710.02298},
  year         = {2017},
  url          = {http://arxiv.org/abs/1710.02298},
  eprinttype    = {arXiv},
  eprint       = {1710.02298},
  timestamp    = {Mon, 13 Aug 2018 16:48:05 +0200},
  biburl       = {https://dblp.org/rec/journals/corr/abs-1710-02298.bib},
  bibsource    = {dblp computer science bibliography, https://dblp.org}
}

@INPROCEEDINGS{muzero,
  author={Zhang, Zhi and Xu, Shilong and Xia, Yingying and Wang, Jing and Dring, Shao Yong and Cen, Xian},
  booktitle={2023 IEEE International Conference on Signal Processing, Communications and Computing (ICSPCC)}, 
  title={Two Improved Algorithms Based on DQN}, 
  year={2023},
  volume={},
  number={},
  pages={1-4},
  keywords={Deep learning;Signal processing algorithms;Reinforcement learning;Games;Signal processing;DQN;improved algorithm;deep reinforcement learning},
  doi={10.1109/ICSPCC59353.2023.10400213}}

@inproceedings{DDPG,
  author       = {Timothy P. Lillicrap and
                  Jonathan J. Hunt and
                  Alexander Pritzel and
                  Nicolas Heess and
                  Tom Erez and
                  Yuval Tassa and
                  David Silver and
                  Daan Wierstra},
  editor       = {Yoshua Bengio and
                  Yann LeCun},
  title        = {Continuous control with deep reinforcement learning},
  booktitle    = {4th International Conference on Learning Representations, {ICLR} 2016,
                  San Juan, Puerto Rico, May 2-4, 2016, Conference Track Proceedings},
  year         = {2016},
  url          = {http://arxiv.org/abs/1509.02971},
  timestamp    = {Thu, 25 Jul 2019 14:25:37 +0200},
  biburl       = {https://dblp.org/rec/journals/corr/LillicrapHPHETS15.bib},
  bibsource    = {dblp computer science bibliography, https://dblp.org}
}

@book{Sutton1998,
  added-at = {2019-07-13T10:11:53.000+0200},
  author = {Sutton, Richard S. and Barto, Andrew G.},
  biburl = {https://www.bibsonomy.org/bibtex/2f46601cf8b13d39d1378af0d79438b12/lanteunis},
  edition = {Second},
  interhash = {ac6b144aaec1819919a2fba9f705c852},
  intrahash = {f46601cf8b13d39d1378af0d79438b12},
  keywords = {},
  publisher = {The MIT Press},
  timestamp = {2019-07-13T10:11:53.000+0200},
  title = {Reinforcement Learning: An Introduction},
  url = {http://incompleteideas.net/book/the-book-2nd.html},
  year = {2018 }
}

@article{SpinningUp2018,
    author = {Achiam, Joshua},
    title = {{Spinning Up in Deep Reinforcement Learning}},
    year = {2018}
}

@misc{MutualInformationRLByTheBook,
  author       = {Mutual Information},
  title        = {Reinforcement Learning By the Book},
  year         = {2024},
  note         = {YouTube Playlist},
  url          = {https://www.youtube.com/playlist?list=PLzvYlJMoZ02Dxtwe-MmH4nOB5jYlMGBjr}
}

@misc{WangRLBasics,
  author       = {Wang, Yanzhao},
  title        = {RL Basics: Value Functions and Bellman Equation},
  year         = {2022},
  url          = {https://wangyz.medium.com/rl-basics-value-functions-and-bellman-equation-559325ec9632},
  note         = {Accessed: 2024-12-03}
}

@misc{dreamerv3,
      title={Mastering Diverse Domains through World Models}, 
      author={Danijar Hafner and Jurgis Pasukonis and Jimmy Ba and Timothy Lillicrap},
      year={2024},
      eprint={2301.04104},
      archivePrefix={arXiv},
      primaryClass={cs.AI},
      url={https://arxiv.org/abs/2301.04104}, 
}

@article{TRPO,
  author       = {John Schulman and
                  Sergey Levine and
                  Philipp Moritz and
                  Michael I. Jordan and
                  Pieter Abbeel},
  title        = {Trust Region Policy Optimization},
  journal      = {CoRR},
  volume       = {abs/1502.05477},
  year         = {2015},
  url          = {http://arxiv.org/abs/1502.05477},
  eprinttype    = {arXiv},
  eprint       = {1502.05477},
  timestamp    = {Mon, 13 Aug 2018 16:48:08 +0200},
  biburl       = {https://dblp.org/rec/journals/corr/SchulmanLMJA15.bib},
  bibsource    = {dblp computer science bibliography, https://dblp.org}
}

@article{PPO,
  author       = {John Schulman and
                  Filip Wolski and
                  Prafulla Dhariwal and
                  Alec Radford and
                  Oleg Klimov},
  title        = {Proximal Policy Optimization Algorithms},
  journal      = {CoRR},
  volume       = {abs/1707.06347},
  year         = {2017},
  url          = {http://arxiv.org/abs/1707.06347},
  eprinttype    = {arXiv},
  eprint       = {1707.06347},
  timestamp    = {Mon, 13 Aug 2018 16:47:34 +0200},
  biburl       = {https://dblp.org/rec/journals/corr/SchulmanWDRK17.bib},
  bibsource    = {dblp computer science bibliography, https://dblp.org}
}

@article{TD3,
  author       = {Scott Fujimoto and
                  Herke van Hoof and
                  David Meger},
  title        = {Addressing Function Approximation Error in Actor-Critic Methods},
  journal      = {CoRR},
  volume       = {abs/1802.09477},
  year         = {2018},
  url          = {http://arxiv.org/abs/1802.09477},
  eprinttype    = {arXiv},
  eprint       = {1802.09477},
  timestamp    = {Sat, 28 Sep 2019 00:58:01 +0200},
  biburl       = {https://dblp.org/rec/journals/corr/abs-1802-09477.bib},
  bibsource    = {dblp computer science bibliography, https://dblp.org}
}

@Article{targetNetwork,
author={Mnih, Volodymyr
and Kavukcuoglu, Koray
and Silver, David
and Rusu, Andrei A.
and Veness, Joel
and Bellemare, Marc G.
and Graves, Alex
and Riedmiller, Martin
and Fidjeland, Andreas K.
and Ostrovski, Georg
and Petersen, Stig
and Beattie, Charles
and Sadik, Amir
and Antonoglou, Ioannis
and King, Helen
and Kumaran, Dharshan
and Wierstra, Daan
and Legg, Shane
and Hassabis, Demis},
title={Human-level control through deep reinforcement learning},
journal={Nature},
year={2015},
month={Feb},
day={01},
volume={518},
number={7540},
pages={529-533},
abstract={An artificial agent is developed that learns to play a diverse range of classic Atari 2600 computer games directly from sensory experience, achieving a performance comparable to that of an expert human player; this work paves the way to building general-purpose learning algorithms that bridge the divide between perception and action.},
issn={1476-4687},
doi={10.1038/nature14236},
url={https://doi.org/10.1038/nature14236}
}

